@article{selectivesearch
    author       = "J.R.R. Uijlings, K.E.A. van de Sande, T. Gevers, and A.W.M. Smeulders",
    title        = "Selective Search for Object Recognition",
    howpublished = "\url{http://www.huppelen.nl/publications/selectiveSearchDraft.pdf}",
    year         = "2012"
}

